<record><leader>00000cas a22000007a 4500</leader><controlfield tag="001">40099702</controlfield><controlfield tag="008">981013d189618uuvausn ne      0    0eng d</controlfield><datafield ind1=" " ind2=" " tag="010"><subfield code="a">sn 98068239 </subfield></datafield><datafield ind1=" " ind2=" " tag="040"><subfield code="a">NVK</subfield><subfield code="b">eng</subfield><subfield code="c">NVK</subfield><subfield code="d">OCL</subfield><subfield code="d">OCLCQ</subfield><subfield code="d">OCLCF</subfield><subfield code="d">OCLCO</subfield></datafield><datafield ind1="1" ind2=" " tag="029"><subfield code="a">AU@</subfield><subfield code="b">000014247822</subfield></datafield><datafield ind1=" " ind2=" " tag="042"><subfield code="a">msc</subfield></datafield><datafield ind1=" " ind2=" " tag="043"><subfield code="a">n-us-va</subfield></datafield><datafield ind1="0" ind2=" " tag="130"><subfield code="a">Monthly advocate (Claremont, Va.)</subfield></datafield><datafield ind1="1" ind2="4" tag="245"><subfield code="a">The Monthly advocate.</subfield></datafield><datafield ind1="1" ind2="3" tag="246"><subfield code="a">Advocate</subfield></datafield><datafield ind1="1" ind2="3" tag="246"><subfield code="a">Semi-monthly advocate</subfield></datafield><datafield ind1=" " ind2=" " tag="260"><subfield code="a">Claremont, Va. :</subfield><subfield code="b">Temperance, Industrial and Collegiate Institute</subfield></datafield><datafield ind1=" " ind2=" " tag="300"><subfield code="a">v.</subfield></datafield><datafield ind1=" " ind2=" " tag="310"><subfield code="a">Semimonthly</subfield></datafield><datafield ind1="1" ind2=" " tag="362"><subfield code="a">Began in 1896.</subfield></datafield><datafield ind1=" " ind2=" " tag="500"><subfield code="a">"Devoted to the interest of the Temperance, Industrial and Collegiate Institute and to the moral, intellectual and industrial development of the Negroes of Eastern Virginia."</subfield></datafield><datafield ind1=" " ind2=" " tag="515"><subfield code="a">June 13, 1896 issue is semi-monthly issue.</subfield></datafield><datafield ind1=" " ind2=" " tag="588"><subfield code="a">Description based on: Vol. 1, no. 2 (June 13, 1896).</subfield></datafield><datafield ind1=" " ind2="0" tag="650"><subfield code="a">African Americans</subfield><subfield code="z">Virginia</subfield><subfield code="v">Newspapers.</subfield></datafield><datafield ind1=" " ind2="0" tag="650"><subfield code="a">African American newspapers</subfield><subfield code="z">Virginia.</subfield></datafield><datafield ind1=" " ind2="0" tag="651"><subfield code="a">Claremont (Va.)</subfield><subfield code="v">Newspapers.</subfield></datafield><datafield ind1=" " ind2="0" tag="651"><subfield code="a">Surry County (Va.)</subfield><subfield code="v">Newspapers.</subfield></datafield><datafield ind1=" " ind2="7" tag="655"><subfield code="a">Newspapers.</subfield><subfield code="2">fast</subfield><subfield code="0">(OCoLC)fst01423814</subfield></datafield><datafield ind1=" " ind2="7" tag="650"><subfield code="a">African American newspapers.</subfield><subfield code="2">fast</subfield><subfield code="0">(OCoLC)fst00799278</subfield></datafield><datafield ind1=" " ind2="7" tag="650"><subfield code="a">African Americans.</subfield><subfield code="2">fast</subfield><subfield code="0">(OCoLC)fst00799558</subfield></datafield><datafield ind1=" " ind2="7" tag="651"><subfield code="a">Virginia.</subfield><subfield code="2">fast</subfield><subfield code="0">(OCoLC)fst01204597</subfield></datafield><datafield ind1=" " ind2="7" tag="651"><subfield code="a">Virginia</subfield><subfield code="z">Claremont.</subfield><subfield code="2">fast</subfield><subfield code="0">(OCoLC)fst01232970</subfield></datafield><datafield ind1=" " ind2="7" tag="651"><subfield code="a">Virginia</subfield><subfield code="z">Surry County.</subfield><subfield code="2">fast</subfield><subfield code="0">(OCoLC)fst01210358</subfield></datafield><datafield ind1=" " ind2=" " tag="752"><subfield code="a">United States</subfield><subfield code="b">Virginia</subfield><subfield code="c">Surry</subfield><subfield code="d">Claremont.</subfield></datafield></record>